<?xml version="1.0" encoding="UTF-8"?><collection xmlns="http://www.loc.gov/MARC21/slim"><record><leader>00585nam--2200193-u-4500</leader><controlfield tag="001">000055522</controlfield><controlfield tag="002">20161230</controlfield><controlfield tag="005">20161230201052</controlfield><controlfield tag="008">130219s1000------------r-----000-0-rum-d</controlfield><datafield ind1=" " ind2=" " tag="040"><subfield code="a">IFIN-HH</subfield></datafield><datafield ind1=" " ind2=" " tag="041"><subfield code="a">rum</subfield></datafield><datafield ind1=" " ind2=" " tag="080"><subfield code="a">628</subfield></datafield><datafield ind1="1" ind2=" " tag="100"><subfield code="a">Smarandache, Adriana-loredana</subfield></datafield><datafield ind1="1" ind2="0" tag="245"><subfield code="a">Studiul proprietatilor optice ale poluantilor mediului</subfield><subfield code="b">Teza</subfield><subfield code="c">Adriana-loredana smarandache</subfield></datafield><datafield ind1=" " ind2=" " tag="260"><subfield code="a">Bucuresti</subfield><subfield code="b">Universitatea Bucuresti</subfield><subfield code="c">2012</subfield></datafield><datafield ind1=" " ind2=" " tag="300"><subfield code="a">127P.+ ANEXE</subfield></datafield><datafield ind1=" " ind2=" " tag="500"><subfield code="a">Conducator Stiintific: Prof.Dr. Mihail-lucian Pascu</subfield></datafield><datafield ind1=" " ind2=" " tag="852"><subfield code="a">82337</subfield><subfield code="c">628</subfield></datafield><datafield ind1=" " ind2=" " tag="CAT"><subfield code="a">Sys</subfield><subfield code="c">20130219</subfield><subfield code="h">163812</subfield></datafield></record></collection>